
    <marc:record>
        <marc:leader>01179nam a2200301zi 4500</marc:leader>
        <marc:controlfield tag="001">NYPY710489976-B</marc:controlfield>
        <marc:controlfield tag="003">CStRLIN</marc:controlfield>
        <marc:controlfield tag="005">19990811185005.3</marc:controlfield>
        <marc:controlfield tag="008">711015s1953    sp ag   |    |0|| | spa d</marc:controlfield>
        <marc:datafield tag="035" ind1=" " ind2=" ">
            <marc:subfield code="a">(NN-PD)710489976</marc:subfield>
        </marc:datafield>
        <marc:datafield tag="035" ind1=" " ind2=" ">
            <marc:subfield code="a">(WaOLN)nyp2262765</marc:subfield>
        </marc:datafield>
        <marc:datafield tag="035" ind1=" " ind2=" ">
            <marc:subfield code="a">(OCoLC)6787110</marc:subfield>
        </marc:datafield>
        <marc:datafield tag="040" ind1=" " ind2=" ">
            <marc:subfield code="a">NN-PD</marc:subfield>
            <marc:subfield code="c">NN-PD</marc:subfield>
            <marc:subfield code="d">CStRLIN</marc:subfield>
            <marc:subfield code="d">WaOLN</marc:subfield>
        </marc:datafield>
        <marc:datafield tag="100" ind1="1" ind2=" ">
            <marc:subfield code="a">Mulet, Antonio.</marc:subfield>
        </marc:datafield>
        <marc:datafield tag="245" ind1="1" ind2="0">
            <marc:subfield code="a">Mallorca; &quot;el parado de Valldemosa.&quot; </marc:subfield>
            <marc:subfield code="b">Antecedentes y desenvolvimiento en el baile popular.  Dibujos y acuarelas originales de J. Coll Bardolet.</marc:subfield>
        </marc:datafield>
        <marc:datafield tag="260" ind1=" " ind2=" ">
            <marc:subfield code="a">Mallorca,</marc:subfield>
            <marc:subfield code="c">1953.</marc:subfield>
        </marc:datafield>
        <marc:datafield tag="300" ind1=" " ind2=" ">
            <marc:subfield code="a">69 p.</marc:subfield>
            <marc:subfield code="b">illus. (part col.), music.</marc:subfield>
            <marc:subfield code="c">22 cm.</marc:subfield>
        </marc:datafield>
        <marc:datafield tag="500" ind1=" " ind2=" ">
            <marc:subfield code="a">Music for 9 dances (voice and piano): p. 43-51.</marc:subfield>
        </marc:datafield>
        <marc:datafield tag="690" ind1=" " ind2="4">
            <marc:subfield code="a">Folk dancing</marc:subfield>
            <marc:subfield code="z">Spain</marc:subfield>
            <marc:subfield code="x">Majorca.</marc:subfield>
        </marc:datafield>
        <marc:datafield tag="852" ind1="8" ind2=" ">
            <marc:subfield code="h">*MGS (Spanish)</marc:subfield>
        </marc:datafield>
        <marc:datafield tag="852" ind1="8" ind2=" ">
            <marc:subfield code="h">*MGS (Spanish)</marc:subfield>
        </marc:datafield>
        <marc:datafield tag="907" ind1=" " ind2=" ">
            <marc:subfield code="a">.b122759692</marc:subfield>
            <marc:subfield code="b">07-18-23</marc:subfield>
            <marc:subfield code="c">12-15-2008 15:33</marc:subfield>
        </marc:datafield>
        <marc:datafield tag="998" ind1=" " ind2=" ">
            <marc:subfield code="a">pam</marc:subfield>
            <marc:subfield code="b">09-05-99</marc:subfield>
            <marc:subfield code="c">m</marc:subfield>
            <marc:subfield code="d">a  </marc:subfield>
            <marc:subfield code="e">-</marc:subfield>
            <marc:subfield code="f">spa</marc:subfield>
            <marc:subfield code="g">sp </marc:subfield>
            <marc:subfield code="h">0</marc:subfield>
            <marc:subfield code="i">1</marc:subfield>
        </marc:datafield>
        <marc:datafield tag="959" ind1=" " ind2=" ">
            <marc:subfield code="a">.b37537738</marc:subfield>
            <marc:subfield code="b">08-10-07</marc:subfield>
            <marc:subfield code="c">09-23-95</marc:subfield>
        </marc:datafield>
        <marc:datafield tag="910" ind1=" " ind2=" ">
            <marc:subfield code="a">RL</marc:subfield>
        </marc:datafield>
        <marc:datafield tag="997" ind1=" " ind2=" ">
            <marc:subfield code="a">pd</marc:subfield>
            <marc:subfield code="b">09-05-99</marc:subfield>
            <marc:subfield code="c">m</marc:subfield>
            <marc:subfield code="d">a</marc:subfield>
            <marc:subfield code="e">-</marc:subfield>
            <marc:subfield code="f">spa</marc:subfield>
            <marc:subfield code="g">sp </marc:subfield>
            <marc:subfield code="h">0</marc:subfield>
        </marc:datafield>
        <marc:datafield tag="991" ind1=" " ind2=" ">
            <marc:subfield code="y">6787110</marc:subfield>
        </marc:datafield>
        <marc:datafield tag="945" ind1=" " ind2=" ">
            <marc:subfield code="d">  -  -  </marc:subfield>
            <marc:subfield code="e">0</marc:subfield>
            <marc:subfield code="f">12-06-2023 8:14</marc:subfield>
            <marc:subfield code="g">1</marc:subfield>
            <marc:subfield code="h">03-05-24</marc:subfield>
            <marc:subfield code="i">33433010140428</marc:subfield>
            <marc:subfield code="j">221</marc:subfield>
            <marc:subfield code="k">  -  -  </marc:subfield>
            <marc:subfield code="l">rcpm2</marc:subfield>
            <marc:subfield code="o">-</marc:subfield>
            <marc:subfield code="p">$0.00</marc:subfield>
            <marc:subfield code="q">-</marc:subfield>
            <marc:subfield code="r">2</marc:subfield>
            <marc:subfield code="s">-  </marc:subfield>
            <marc:subfield code="t">2</marc:subfield>
            <marc:subfield code="u">2</marc:subfield>
            <marc:subfield code="v">0</marc:subfield>
            <marc:subfield code="w">1</marc:subfield>
            <marc:subfield code="x">0</marc:subfield>
            <marc:subfield code="y">.i105003670</marc:subfield>
            <marc:subfield code="z">02-03-2009 5:57</marc:subfield>
            <marc:subfield code="2">0</marc:subfield>
            <marc:subfield code="1">814</marc:subfield>
        </marc:datafield>
    </marc:record>
</marc:collection>